@online{commitment,
  author = {吉村 優},
  title = {ガチャシステムとコミットメントにおける隠蔽と束縛},
  year = 2016,
  url = {http://qiita.com/yyu/items/f172c0cd1e20da09d138},
  urldate = {2016-10-11}
}

@online{sign,
  author = {吉村 優},
  title = {コミットメントによる公平なガチャシステムと電子署名},
  year = 2016,
  url = {http://qiita.com/yyu/items/b89d6e9494712a857e10},
  urldate = {2016-10-11}
}
